<record><leader>00000cas a22000007a 4500</leader><controlfield tag="001">12284438</controlfield><controlfield tag="008">850719c19419999pauwr ne      0    0eng d</controlfield><datafield ind1=" " ind2=" " tag="010"><subfield code="a">sn 85055018 </subfield></datafield><datafield ind1=" " ind2=" " tag="040"><subfield code="a">PLF</subfield><subfield code="b">eng</subfield><subfield code="c">PLF</subfield><subfield code="d">NPH</subfield><subfield code="d">MGN</subfield><subfield code="d">OCLCQ</subfield></datafield><datafield ind1=" " ind2=" " tag="042"><subfield code="a">msc</subfield></datafield><datafield ind1="0" ind2="4" tag="245"><subfield code="a">The Frankford gazette and Frankford dispatch.</subfield></datafield><datafield ind1=" " ind2=" " tag="260"><subfield code="a">Philadelphia, Pa. :</subfield><subfield code="b">J. France,</subfield><subfield code="c">1941-</subfield></datafield><datafield ind1=" " ind2=" " tag="300"><subfield code="a">v. :</subfield><subfield code="b">ill.</subfield></datafield><datafield ind1=" " ind2=" " tag="310"><subfield code="a">Weekly</subfield></datafield><datafield ind1="0" ind2=" " tag="362"><subfield code="a">73rd year, no. 30 (Nov. 7, 1941)-</subfield></datafield><datafield ind1=" " ind2=" " tag="500"><subfield code="a">"Devoted to the development and progress of Frankford, Bridesburg, Wissinoming, Tacony, Holmesburg, Bustleton, Aramingo and other nearby towns."</subfield></datafield><datafield ind1=" " ind2=" " tag="752"><subfield code="a">United States</subfield><subfield code="b">Pennsylvania</subfield><subfield code="c">Philadelphia</subfield><subfield code="d">Philadelphia.</subfield></datafield><datafield ind1="0" ind2="4" tag="780"><subfield code="t">Frankford gazette (Philadelphia, Pa. : 1916)</subfield><subfield code="w">(DLC)sn 85055043</subfield><subfield code="w">(OCoLC)12284421</subfield></datafield><datafield ind1="0" ind2="4" tag="780"><subfield code="t">Frankford dispatch</subfield><subfield code="w">(OCoLC)12284414</subfield></datafield></record>